<?xml version="1.0" encoding="UTF-8"?>
<collection xmlns:xsi="http://www.w3.org/2001/XMLSchema-instance" xsi:schemaLocation="http://www.loc.gov/MARC21/slim http://www.loc.gov/standards/marcxml/schema/MARC21slim.xsd" xmlns="http://www.loc.gov/MARC21/slim">
<record>
  <leader>00823cam a2200181 u 4500</leader>
  <controlfield tag="001">640743</controlfield>
  <controlfield tag="003">NNC</controlfield>
  <controlfield tag="005">20100307231118.0</controlfield>
  <controlfield tag="008">880414s1984    ir ||||||||| |||||||ara |</controlfield>
  <datafield tag="035" ind1=" " ind2=" ">
    <subfield code="a">(OCoLC)506853647</subfield>
  </datafield>
  <datafield tag="035" ind1=" " ind2=" ">
    <subfield code="a">(OCoLC)ocn506853647</subfield>
  </datafield>
  <datafield tag="035" ind1=" " ind2=" ">
    <subfield code="a">(CStRLIN)NYCG88-B26497</subfield>
  </datafield>
  <datafield tag="035" ind1=" " ind2=" ">
    <subfield code="9">ACU7447CU</subfield>
  </datafield>
  <datafield tag="035" ind1=" " ind2=" ">
    <subfield code="a">(NNC)640743</subfield>
  </datafield>
  <datafield tag="100" ind1="2" ind2="0">
    <subfield code="a">Ibn Fanari, Muhammad ibn Hamzah ibn Muhammad al-Uthmani.</subfield>
  </datafield>
  <datafield tag="245" ind1="1" ind2="0">
    <subfield code="a">Misbah al-uns /</subfield>
    <subfield code="c">Muhammad ibn Hamzah ibn Muhammad al-Uthmani (Ibn Fanari) ; fi sharh Miftah ghayb al-jam wa-al-wujud / Sadr al-Din Muhammad ibn Ishaq Quniwi ; maa taliqat Hashim ibn Hasan ibn Muhammad Ali al-Kilani Ashkuri, Hasan Hasanzadah-i Amuli.</subfield>
  </datafield>
  <datafield tag="250" ind1=" " ind2=" ">
    <subfield code="a">Chap-i 2.</subfield>
  </datafield>
  <datafield tag="260" ind1="0" ind2=" ">
    <subfield code="a">[Tehran?] :</subfield>
    <subfield code="b">Intisharat Fajr, ba hamkari-i Vizarat-i Irshad-i Islami, Idarah-i Kull-i Instisharat va Tablighat,</subfield>
    <subfield code="c">1363 [1984 or 1985]</subfield>
  </datafield>
  <datafield tag="955" ind1=" " ind2=" ">
    <subfield code="b">CU59573007</subfield>
    <subfield code="d">off,glx</subfield>
    <subfield code="e">ME06145</subfield>
  </datafield>
</record>
</collection>